%% This BibTeX bibliography file was created using BibDesk.
%% https://bibdesk.sourceforge.io/

%% Created for kaleidoscope at 2024-10-10 13:04:16 +0800 


%% Saved with string encoding Unicode (UTF-8) 



@book{weilaisheng:2024a,
	author = {韦来生 and 张伟平},
	date-added = {2024-10-10 13:03:03 +0800},
	date-modified = {2024-10-10 13:04:15 +0800},
	edition = {第三版},
	publisher = {科学出版社},
	title = {数理统计},
	year = {2024}}

@book{shengzhou:2020a,
	author = {盛骤 and 谢式千 and 潘承毅},
	date-added = {2024-10-09 21:44:36 +0800},
	date-modified = {2024-10-09 23:55:07 +0800},
	edition = {第五版},
	publisher = {高等教育出版社},
	title = {概率论与数理统计},
	year = {2020}}
